@article{Greenland2016,
author = {Greenland, Sander and Senn, Stephen J. and Rothman, Kenneth J. and Carlin, John B. and Poole, Charles and Goodman, Steven N. and Altman, Douglas G.},
address = {Dordrecht},
copyright = {Springer Science+Business Media 2016},
issn = {0393-2990},
journal = {European journal of epidemiology},
keywords = {Cardiology ; Communicable diseases ; Confidence intervals ; Data Interpretation, Statistical ; Epidemiology ; Essay ; Human beings ; Infection ; Medicine ; Models, Statistical ; Oncology ; Probabilities ; Public health ; Statistical methods ; Statistics},
language = {eng},
number = {4},
pages = {337-350},
publisher = {Springer},
title = {Statistical tests, P values, confidence intervals, and power: a guide to misinterpretations},
volume = {31},
year = {2016},
} % generated via kb.dk

